%YAML 1.1
%TAG !u! tag:unity3d.com,2011:
--- !u!1 &1581218376242852
GameObject:
  m_ObjectHideFlags: 0
  m_CorrespondingSourceObject: {fileID: 0}
  m_PrefabInstance: {fileID: 0}
  m_PrefabAsset: {fileID: 0}
  serializedVersion: 6
  m_Component:
  - component: {fileID: 4061319341258778}
  - component: {fileID: 33472648357185796}
  - component: {fileID: 23050978585581286}
  - component: {fileID: 64930379715960762}
  - component: {fileID: 6869856205530768919}
  - component: {fileID: 2536534394376682131}
  - component: {fileID: 6580750113294916671}
  - component: {fileID: 2713054655070168976}
  m_Layer: 0
  m_Name: RFAIPP_Chair_8
  m_TagString: Untagged
  m_Icon: {fileID: 0}
  m_NavMeshLayer: 0
  m_StaticEditorFlags: 0
  m_IsActive: 1
--- !u!4 &4061319341258778
Transform:
  m_ObjectHideFlags: 0
  m_CorrespondingSourceObject: {fileID: 0}
  m_PrefabInstance: {fileID: 0}
  m_PrefabAsset: {fileID: 0}
  m_GameObject: {fileID: 1581218376242852}
  m_LocalRotation: {x: 0, y: 0, z: 0, w: 1}
  m_LocalPosition: {x: 0, y: 0, z: 0}
  m_LocalScale: {x: 1.5, y: 1.5, z: 1.5}
  m_Children: []
  m_Father: {fileID: 0}
  m_RootOrder: 0
  m_LocalEulerAnglesHint: {x: 0, y: 0, z: 0}
--- !u!33 &33472648357185796
MeshFilter:
  m_ObjectHideFlags: 0
  m_CorrespondingSourceObject: {fileID: 0}
  m_PrefabInstance: {fileID: 0}
  m_PrefabAsset: {fileID: 0}
  m_GameObject: {fileID: 1581218376242852}
  m_Mesh: {fileID: 4300002, guid: ce665a2540932da4a9be2402e11d885f, type: 3}
--- !u!23 &23050978585581286
MeshRenderer:
  m_ObjectHideFlags: 0
  m_CorrespondingSourceObject: {fileID: 0}
  m_PrefabInstance: {fileID: 0}
  m_PrefabAsset: {fileID: 0}
  m_GameObject: {fileID: 1581218376242852}
  m_Enabled: 1
  m_CastShadows: 1
  m_ReceiveShadows: 1
  m_DynamicOccludee: 1
  m_MotionVectors: 1
  m_LightProbeUsage: 1
  m_ReflectionProbeUsage: 1
  m_RenderingLayerMask: 4294967295
  m_RendererPriority: 0
  m_Materials:
  - {fileID: 2100000, guid: 9174060f03002024b90ad2f27e18bbc9, type: 2}
  m_StaticBatchInfo:
    firstSubMesh: 0
    subMeshCount: 0
  m_StaticBatchRoot: {fileID: 0}
  m_ProbeAnchor: {fileID: 0}
  m_LightProbeVolumeOverride: {fileID: 0}
  m_ScaleInLightmap: 1
  m_PreserveUVs: 0
  m_IgnoreNormalsForChartDetection: 0
  m_ImportantGI: 0
  m_StitchLightmapSeams: 0
  m_SelectedEditorRenderState: 3
  m_MinimumChartSize: 4
  m_AutoUVMaxDistance: 0.5
  m_AutoUVMaxAngle: 89
  m_LightmapParameters: {fileID: 0}
  m_SortingLayerID: 0
  m_SortingLayer: 0
  m_SortingOrder: 0
--- !u!64 &64930379715960762
MeshCollider:
  m_ObjectHideFlags: 0
  m_CorrespondingSourceObject: {fileID: 0}
  m_PrefabInstance: {fileID: 0}
  m_PrefabAsset: {fileID: 0}
  m_GameObject: {fileID: 1581218376242852}
  m_Material: {fileID: 0}
  m_IsTrigger: 0
  m_Enabled: 1
  serializedVersion: 3
  m_Convex: 1
  m_CookingOptions: 14
  m_Mesh: {fileID: 4300002, guid: ce665a2540932da4a9be2402e11d885f, type: 3}
--- !u!54 &6869856205530768919
Rigidbody:
  m_ObjectHideFlags: 0
  m_CorrespondingSourceObject: {fileID: 0}
  m_PrefabInstance: {fileID: 0}
  m_PrefabAsset: {fileID: 0}
  m_GameObject: {fileID: 1581218376242852}
  serializedVersion: 2
  m_Mass: 1
  m_Drag: 0
  m_AngularDrag: 0.05
  m_UseGravity: 1
  m_IsKinematic: 0
  m_Interpolate: 0
  m_Constraints: 0
  m_CollisionDetection: 0
--- !u!114 &2536534394376682131
MonoBehaviour:
  m_ObjectHideFlags: 0
  m_CorrespondingSourceObject: {fileID: 0}
  m_PrefabInstance: {fileID: 0}
  m_PrefabAsset: {fileID: 0}
  m_GameObject: {fileID: 1581218376242852}
  m_Enabled: 1
  m_EditorHideFlags: 0
  m_Script: {fileID: 11500000, guid: cc09af4ea1796d64e9b8b44666c1330f, type: 3}
  m_Name: 
  m_EditorClassIdentifier: 
  InteractType: 0
  RecipientTags: []
  InteractDistance: 0
  m_InteractCrosshair: {fileID: 0}
  InteractText: 
  DelayShowingText: 2
  OnGrabText: 
  GrabStateCrosshair: {fileID: 0}
  FootstepForce: 0.015
  Kneeling: 5
  Stiffness: 0.5
  ShakeSpeed: 0.1
  ShakeAmplitude: {x: 1, y: 1, z: 1}
  ThrowStrength: 6
  AllowThrowRotation: 1
  Burden: 0
  MaxCollisionCount: 20
  CarryingOffset: {x: 0, y: -0.5, z: 1.5}
  CameraPitchDownLimit: 0
  SoundsPitch: {x: 1, y: 1.5}
  GrabSounds: []
  DropSounds: []
  ThrowSounds: []
--- !u!114 &6580750113294916671
MonoBehaviour:
  m_ObjectHideFlags: 0
  m_CorrespondingSourceObject: {fileID: 0}
  m_PrefabInstance: {fileID: 0}
  m_PrefabAsset: {fileID: 0}
  m_GameObject: {fileID: 1581218376242852}
  m_Enabled: 1
  m_EditorHideFlags: 0
  m_Script: {fileID: 11500000, guid: 37b7f2a39b3cf214485b1306b4be5ef7, type: 3}
  m_Name: 
  m_EditorClassIdentifier: 
  SurfaceType: {fileID: 11400000, guid: 13ec8cc62ee667645b976a0eb333e45a, type: 2}
  AllowDecals: 1
  SurfaceID: 0
  surfaceTypeHelp: 227
--- !u!114 &2713054655070168976
MonoBehaviour:
  m_ObjectHideFlags: 0
  m_CorrespondingSourceObject: {fileID: 0}
  m_PrefabInstance: {fileID: 0}
  m_PrefabAsset: {fileID: 0}
  m_GameObject: {fileID: 1581218376242852}
  m_Enabled: 1
  m_EditorHideFlags: 0
  m_Script: {fileID: 11500000, guid: afa96b0804ec29f49bc171fae6aa9b5d, type: 3}
  m_Name: 
  m_EditorClassIdentifier: 
  MaxHealth: 20
  DeathSpawnObjects: []
  MinDeathDelay: 0
  MaxDeathDelay: 0
  CurrentHealth: 1
  LastDamageTime: 0
  DeathSound: {fileID: 0}
  ImpactDamageThreshold: 10
  ImpactDamageMultiplier: 0
  Respawns: 0
  MinRespawnTime: -99999
  MaxRespawnTime: -99999
  RespawnCheckRadius: -99999
  RespawnSound: {fileID: 0}
  DeathEffect: {fileID: 0}
  helpbox: 123
